@article{algeff,
    title = {An Introduction to Algebraic Effects and Handlers. {Invited} tutorial paper},
    journal = {Electronic Notes in Theoretical Computer Science},
    volume = {319},
    pages = {19-35},
    year = {2015},
    note = {The 31st Conference on the Mathematical Foundations of Programming Semantics (MFPS XXXI).},
    issn = {1571-0661},
    doi = {https://doi.org/10.1016/j.entcs.2015.12.003},
    author = {Matija Pretnar},
    keywords = {algebraic effects, handlers, effect system, semantics, logic, tutorial},
}

@misc{unison,
    author = {{Unison Computing}},
    title = {The {Unison} language},
    year = {2022},
    note = {Last accessed 13 May 2022},
    url = {https://www.unison-lang.org/}
}

@misc{unrestricted,
    author = {{Unison Computing}},
    title = {{Abilities and ability handlers. Unison programming language}},
    year = {2022},
    note = {Last accessed 13 May 2022},
    url = {https://www.unison-lang.org/learn/language-reference/abilities-and-ability-handlers/#pattern-matching-on-ability-constructors},
}

@techreport{koka,
    author = {Leijen, Daan},
    title = {Algebraic Effects for Functional Programming},
    year = {2016},
    month = {August},
    pages = {15},
    number = {MSR-TR-2016-29},
    institution = {Microsoft Research},
}

@misc{hidden,
    author = {Daan Leijen},
    title = {The {Koka} Programming Language. {Effect} Handlers},
    year = {2022},
    note = {Last accessed 13 May 2022},
    url = {https://koka-lang.github.io/koka/doc/book.html#sec-handlers},
}

@article{bauer,
   title={{Runners in Action}},
   ISBN={9783030449148},
   ISSN={1611-3349},
   doi={http://dx.doi.org/10.1007/978-3-030-44914-8_2},
   journal={Lecture Notes in Computer Science},
   publisher={Springer International Publishing},
   author={Ahman, Danel and Bauer, Andrej},
   year={2020},
   pages={29–55},
}

@article{ocaml,
   title={Retrofitting effect handlers onto {OCaml}},
   doi={http://dx.doi.org/10.1145/3453483.3454039},
   journal={Proceedings of the 42nd ACM SIGPLAN International Conference on Programming Language Design and Implementation},
   publisher={ACM},
   author={Sivaramakrishnan, KC and Dolan, Stephen and White, Leo and Kelly, Tom and Jaffer, Sadiq and Madhavapeddy, Anil},
   year={2021},
   month={Jun}
}

@misc{folklore,
    author = {KC Sivaramakrishnan},
    title = {Effective Concurrency with Algebraic Effects},
    year = {2015},
    note = {Last accessed 13 May 2022},
    url = {https://kcsrk.info/ocaml/multicore/2015/05/20/effects-multicore/},
}

@inproceedings{mtl,
    author = {Jones, Mark P.},
    title = {Functional Programming with Overloading and Higher-Order Polymorphism},
    year = {1995},
    isbn = {3540594515},
    publisher = {Springer-Verlag},
    address = {Berlin, Heidelberg},
    booktitle = {Advanced Functional Programming, First International Spring School on Advanced Functional Programming Techniques-Tutorial Text},
    pages = {97–136},
}

@misc{free,
    author = {Edward Kmett},
    title = {Monads for Free},
    year = {2008},
    note = {Last accessed 13 May 2022},
    url = {http://comonad.com/reader/2008/monads-for-free/},
}

@article{exteff,
    author = {Kiselyov, Oleg and Ishii, Hiromi},
    title = {Freer Monads, More Extensible Effects},
    year = {2015},
    publisher = {Association for Computing Machinery},
    address = {New York, NY, USA},
    volume = {50},
    number = {12},
    issn = {0362-1340},
    doi = {https://doi.org/10.1145/2887747.2804319},
    journal = {SIGPLAN Not.},
    month = {aug},
    pages = {94–105},
    keywords = {free monad, type and effect system, Kan extension, coroutine, effect handler, effect interaction, open union}
}

@article{linear,
   title={Linear {Haskell}: practical linearity in a higher-order polymorphic language},
   volume={2},
   ISSN={2475-1421},
   doi={http://dx.doi.org/10.1145/3158093},
   number={POPL},
   journal={Proceedings of the ACM on Programming Languages},
   publisher={Association for Computing Machinery (ACM)},
   author={Bernardy, Jean-Philippe and Boespflug, Mathieu and Newton, Ryan R. and Peyton Jones, Simon and Spiwack, Arnaud},
   year={2018},
   month={Jan},
   pages={1–29}
}

@article{rust,
    author = {Jung, Ralf and Jourdan, Jacques-Henri and Krebbers, Robbert and Dreyer, Derek},
    title = {{RustBelt}: Securing the Foundations of the {Rust} Programming Language},
    year = {2017},
    publisher = {Association for Computing Machinery},
    address = {New York, NY, USA},
    volume = {2},
    number = {POPL},
    doi = {https://doi.org/10.1145/3158154},
    journal = {Proc. ACM Program. Lang.},
    month = {dec},
    keywords = {Rust, separation logic, logical relations, type systems, concurrency}
}

@article{ural,
    author = {Ahmed, Amal and Fluet, Matthew and Morrisett, Greg},
    title = {A Step-Indexed Model of Substructural State},
    year = {2005},
    publisher = {Association for Computing Machinery},
    address = {New York, NY, USA},
    volume = {40},
    number = {9},
    issn = {0362-1340},
    doi = {https://doi.org/10.1145/1090189.1086376},
    journal = {SIGPLAN Not.},
    month = {sep},
    pages = {78–91},
    keywords = {substructural type system, stepindexed model, mutable references}
}

@techreport{stone,
  title = {Equational Theories with Recursive Types},
  author = {Christopher A. Stone and Andrew P. Schoonmaker},
  institution = {Harvey Mudd College},
  year = {2005}
}

@book{spj,
    author = {Peyton Jones, Simon},
    title = {The Implementation of Functional Programming Languages},
    year = {1987},
    month = {January},
    publisher = {Prentice Hall},
}

@article{milner,
    title = {A theory of type polymorphism in programming},
    journal = {Journal of Computer and System Sciences},
    volume = {17},
    number = {3},
    pages = {348-375},
    year = {1978},
    issn = {0022-0000},
    doi = {https://doi.org/10.1016/0022-0000(78)90014-4},
    author = {Robin Milner},
}

@misc{elision,
    title = {Lifetime elision - {The Rust Reference}},
    year = {2021},
    note = {Last accessed 13 May 2022},
    url = {https://doc.rust-lang.org/reference/lifetime-elision.html},
}

@misc{go,
    title = {{A Tour of Go. Type inference}},
    note = {Last accessed 13 May 2022},
    url = {https://go.dev/tour/basics/14},
}

@article{bidirectional,
    author = {Dunfield, Jana and Krishnaswami, Neel},
    title = {Bidirectional Typing},
    year = {2021},
    issue_date = {June 2022},
    publisher = {Association for Computing Machinery},
    address = {New York, NY, USA},
    volume = {54},
    number = {5},
    issn = {0360-0300},
    doi = {10.1145/3450952},
    journal = {ACM Comput. Surv.},
    month = {may},
    articleno = {98},
    numpages = {38},
    keywords = {type inference, Type checking}
}

@inproceedings{quick-look,
    author = {Serrano, Alejandro and Hage, Jurriaan and Peyton Jones, Simon and Vytiniotis, Dimitrios},
    title = {A quick look at impredicativity},
    organization = {ACM},
    booktitle = {International Conference on Functional Programming (ICFP'20)},
    year = {2020},
    month = {August},
    publisher = {ACM},
}

@misc{linear-base,
    title = {{linear-base: Standard library for linear types}},
    note = {Last accessed 13 May 2022},
    url = {https://hackage.haskell.org/package/linear-base},
}

@article{rowkoka,
   title={Koka: Programming with Row Polymorphic Effect Types},
   volume={153},
   ISSN={2075-2180},
   doi={http://dx.doi.org/10.4204/EPTCS.153.8},
   journal={Electronic Proceedings in Theoretical Computer Science},
   publisher={Open Publishing Association},
   author={Leijen, Daan},
   year={2014},
   month={Jun},
   pages={100–126}
}

@incollection{ghc,
    author = {Simon Marlow and Simon Peyton-Jones},
    title = {{The Glasgow Haskell Compiler}},
    booktitle = {The Architecture of Open Source Applications, Volume II},
    editor = {Brown, A. and Wilson, G.},
    pages = {67--88},
    isbn = {9781105571817},
    year = {2012},
    publisher = {CreativeCommons}
}

@inproceedings{rowcaml,
    author = {Garrigue, Jacques},
    year = {1998},
    month = {10},
    pages = {},
    title = {Programming with Polymorphic Variants},
    booktitle = {ACM SIGPLAN Workshop on ML},
    address = {Baltimore, MD}
}

@article{tunnel,
    author = {Zhang, Yizhou and Myers, Andrew C.},
    title = {Abstraction-Safe Effect Handlers via Tunneling},
    year = {2019},
    issue_date = {January 2019},
    publisher = {Association for Computing Machinery},
    address = {New York, NY, USA},
    volume = {3},
    doi = {10.1145/3290318},
    journal = {Proc. ACM Program. Lang.},
    month = {jan},
    articleno = {5},
    numpages = {29},
}

@misc{ql-backlash,
    title = {Was simplified subsumption worth it for industry Haskell programmers?},
    note = {Last accessed 13 May 2022},
    url = {https://www.reddit.com/r/haskell/comments/ujpzx3/was_simplified_subsumption_worth_it_for_industry},
}

@article{bidir-impl,
    author = {Dunfield, Jana and Krishnaswami, Neelakantan},
    year = {2013},
    month = {06},
    pages = {},
    title = {Complete and Easy Bidirectional Typechecking for Higher-Rank Polymorphism},
    volume = {48},
    journal = {ACM SIGPLAN Notices},
    doi = {10.1145/2500365.2500582}
}
